<record><leader>00000cas a2200000 a 4500</leader><controlfield tag="001">14236671</controlfield><controlfield tag="008">860919d19691970ctuer ne      0   a0eng c</controlfield><datafield ind1=" " ind2=" " tag="010"><subfield code="a">sn 93023604 </subfield></datafield><datafield ind1=" " ind2=" " tag="040"><subfield code="a">KFS</subfield><subfield code="b">eng</subfield><subfield code="c">KFS</subfield><subfield code="d">EYM</subfield><subfield code="d">CNW</subfield><subfield code="d">CVF</subfield><subfield code="d">NYS</subfield><subfield code="d">OCLCQ</subfield><subfield code="d">NYS</subfield><subfield code="d">OCLCQ</subfield><subfield code="d">OCLCF</subfield><subfield code="d">OCLCO</subfield></datafield><datafield ind1=" " ind2=" " tag="012"><subfield code="i">9308</subfield></datafield><datafield ind1="1" ind2=" " tag="029"><subfield code="a">AU@</subfield><subfield code="b">000020748077</subfield></datafield><datafield ind1=" " ind2=" " tag="037"><subfield code="b">Box 2424, Bishops Plaza Station, West Hartford, CT 06117</subfield></datafield><datafield ind1=" " ind2=" " tag="042"><subfield code="a">pcc</subfield></datafield><datafield ind1=" " ind2=" " tag="043"><subfield code="a">n-us-ct</subfield></datafield><datafield ind1=" " ind2=" " tag="090"><subfield code="a">HN90.R3</subfield><subfield code="b">H34</subfield></datafield><datafield ind1="0" ind2="0" tag="245"><subfield code="a">Hartford's other voice.</subfield></datafield><datafield ind1="3" ind2="0" tag="246"><subfield code="a">Other voice</subfield><subfield code="f">May 1969</subfield></datafield><datafield ind1="3" ind2="0" tag="246"><subfield code="a">Hartford's voice</subfield></datafield><datafield ind1=" " ind2=" " tag="260"><subfield code="a">West Hartford, Conn. :</subfield><subfield code="b">[s.n.],</subfield><subfield code="c">1969-[1970]</subfield></datafield><datafield ind1=" " ind2=" " tag="300"><subfield code="a">v. :</subfield><subfield code="b">ill. ;</subfield><subfield code="c">44 cm.</subfield></datafield><datafield ind1=" " ind2=" " tag="310"><subfield code="a">Biweekly</subfield></datafield><datafield ind1="0" ind2=" " tag="362"><subfield code="a">No. 1 (May 12, 1969)-</subfield></datafield><datafield ind1="1" ind2=" " tag="362"><subfield code="a">Ceased in 1970.</subfield></datafield><datafield ind1=" " ind2=" " tag="500"><subfield code="a">"Other" appears as masthead ornament, Vol. 2, no. 2, ([June 1970]).</subfield></datafield><datafield ind1=" " ind2=" " tag="500"><subfield code="a">Published in West Hartford, Conn. May 26, 1969-</subfield></datafield><datafield ind1=" " ind2=" " tag="500"><subfield code="a">"Extra" issue, May 1970, concerning May Day rally in New Haven.</subfield></datafield><datafield ind1=" " ind2=" " tag="530"><subfield code="a">Available on microfilm from Bell &amp; Howell Underground Newspaper Collection.</subfield></datafield><datafield ind1=" " ind2="0" tag="650"><subfield code="a">Radicalism</subfield><subfield code="z">Connecticut</subfield><subfield code="z">Hartford</subfield><subfield code="v">Newspapers.</subfield></datafield><datafield ind1=" " ind2="0" tag="650"><subfield code="a">Underground press publications</subfield><subfield code="z">Connecticut</subfield><subfield code="z">Hartford.</subfield></datafield><datafield ind1=" " ind2="0" tag="651"><subfield code="a">West Hartford (Conn.)</subfield><subfield code="v">Newspapers.</subfield></datafield><datafield ind1=" " ind2="0" tag="651"><subfield code="a">Hartford (Conn.)</subfield><subfield code="v">Newspapers.</subfield></datafield><datafield ind1=" " ind2="0" tag="651"><subfield code="a">Hartford County (Conn.)</subfield><subfield code="v">Newspapers.</subfield></datafield><datafield ind1=" " ind2="7" tag="655"><subfield code="a">Underground newspapers</subfield><subfield code="z">Connecticut</subfield><subfield code="z">Hartford.</subfield><subfield code="2">ngl</subfield></datafield><datafield ind1=" " ind2="7" tag="655"><subfield code="a">Newspapers.</subfield><subfield code="2">fast</subfield><subfield code="0">(OCoLC)fst01423814</subfield></datafield><datafield ind1=" " ind2="7" tag="650"><subfield code="a">Radicalism.</subfield><subfield code="2">fast</subfield><subfield code="0">(OCoLC)fst01087015</subfield></datafield><datafield ind1=" " ind2="7" tag="650"><subfield code="a">Underground press publications.</subfield><subfield code="2">fast</subfield><subfield code="0">(OCoLC)fst01160984</subfield></datafield><datafield ind1=" " ind2="7" tag="651"><subfield code="a">Connecticut</subfield><subfield code="z">Hartford.</subfield><subfield code="2">fast</subfield><subfield code="0">(OCoLC)fst01207441</subfield></datafield><datafield ind1=" " ind2="7" tag="651"><subfield code="a">Connecticut</subfield><subfield code="z">Hartford County.</subfield><subfield code="2">fast</subfield><subfield code="0">(OCoLC)fst01211874</subfield></datafield><datafield ind1=" " ind2="7" tag="651"><subfield code="a">Connecticut</subfield><subfield code="z">West Hartford.</subfield><subfield code="2">fast</subfield><subfield code="0">(OCoLC)fst01202682</subfield></datafield><datafield ind1=" " ind2=" " tag="752"><subfield code="a">United States</subfield><subfield code="b">Connecticut</subfield><subfield code="c">Hartford</subfield><subfield code="d">West Hartford.</subfield></datafield><datafield ind1=" " ind2=" " tag="752"><subfield code="a">United States</subfield><subfield code="b">Connecticut</subfield><subfield code="c">Hartford</subfield><subfield code="d">Hartford.</subfield></datafield><datafield ind1="0" ind2="0" tag="785"><subfield code="t">Wild raspberry</subfield><subfield code="w">(DLC)sn 95063041</subfield><subfield code="w">(OCoLC)18533873</subfield></datafield><datafield ind1=" " ind2=" " tag="850"><subfield code="a">MiU</subfield></datafield></record>